@article{b1,
	author = {Author1, First and Author1, Second},
	title = {Title of Article 1},
	journal = {Journal Name},
	year = {2022},
	volume = {1},
	number = {1},
	pages = {1-10},
}

@inproceedings{b2,
	author = {Author2, First and Author2, Second},
	title = {Title of Inproceedings 1},
	booktitle = {Conference Name},
	year = {2022},
	pages = {100-110},
}

@book{b3,
	author = {Author3, First and Author3, Second},
	title = {Title of Book 1},
	publisher = {Publisher Name},
	year = {2022},
}

@techreport{b4,
	author = {Author4, First and Author4, Second},
	title = {Title of Tech Report 1},
	institution = {Institution Name},
	year = {2022},
}

@phdthesis{b5,
	author = {Author5, First},
	title = {Title of PhD Thesis 1},
	school = {University Name},
	year = {2022},
}

@misc{b6,
	author = {Author6, First and Author6, Second},
	title = {Title of Misc 1},
	year = {2022},
}

@inbook{b7,
	author = {Author7, First and Author7, Second},
	title = {Title of Inbook 1},
	editor = {Editor7, First and Editor7, Second},
	booktitle = {Book Title},
	publisher = {Publisher Name},
	year = {2022},
	pages = {50-60},
}

@proceedings{b8,
	editor = {Editor8, First and Editor8, Second},
	title = {Title of Proceedings 1},
	booktitle = {Conference Name},
	year = {2022},
}

@inproceedings{aiad,
	author = {Duggan Erickson, Noah},
	title = {On the Dangers of AI Autism Diagnosis},
	booktitle = {ICDS Student Panel},
	year = {2024},
    month = {5},
	series = {Scholars Week},
    organization = {Western Washington University}
}